% Encoding: UTF-8

@Article{Catalan2009,
  author    = {Gustau Catalan and James F. Scott},
  title     = {Physics and Applications of Bismuth Ferrite},
  journal   = {Advanced Materials},
  year      = {2009},
  volume    = {21},
  number    = {24},
  pages     = {2463--2485},
  month     = {jun},
  doi       = {10.1002/adma.200802849},
  publisher = {Wiley},
}

@Article{Arnold2015,
  author    = {Donna Arnold},
  title     = {Composition-driven structural phase transitions in rare-earth-doped bifeo$\less$sub$\greater$3$\less$/sub$\greater$ ceramics: a review},
  journal   = {{IEEE} Transactions on Ultrasonics, Ferroelectrics, and Frequency Control},
  year      = {2015},
  volume    = {62},
  number    = {1},
  pages     = {62--82},
  month     = {jan},
  doi       = {10.1109/tuffc.2014.006668},
  publisher = {Institute of Electrical and Electronics Engineers ({IEEE})},
}

@Article{Tomar2018,
  author    = {Ruchi Tomar and Neha Wadehra and Vishwajit M. Gaikwad and S. Chakraverty},
  title     = {Low field manifestation of spiral ordering in sheet like {BiFeO}3 nanostructures},
  journal   = {{AIP} Advances},
  year      = {2018},
  volume    = {8},
  number    = {8},
  pages     = {085306},
  month     = {aug},
  doi       = {10.1063/1.5040710},
  publisher = {{AIP} Publishing},
}

@InProceedings{Nair2013,
  author    = {Vidhya G. Nair and C. Ganeshraj and P. N. Santhosh and V. Subramanian},
  title     = {Ab initio calculations of yttrium chromite},
  year      = {2013},
  pages     = {846-847},
  publisher = {{AIP}},
  doi       = {10.1063/1.4791303},
}

@Article{Rojac2014,
  author    = {Tadej Rojac and Andreja Bencan and Barbara Malic and Goknur Tutuncu and Jacob L. Jones and John E. Daniels and Dragan Damjanovic},
  title     = {{BiFeO}3Ceramics: Processing, Electrical, and Electromechanical Properties},
  journal   = {Journal of the American Ceramic Society},
  year      = {2014},
  volume    = {97},
  number    = {7},
  pages     = {1993--2011},
  month     = {may},
  doi       = {10.1111/jace.12982},
  editor    = {D. J. Green},
  publisher = {Wiley},
}

@Article{Guo2013,
  author    = {Rui Guo and Lu You and Yang Zhou and Zhi Shiuh Lim and Xi Zou and Lang Chen and R. Ramesh and Junling Wang},
  title     = {Non-volatile memory based on the ferroelectric photovoltaic effect},
  journal   = {Nature Communications},
  year      = {2013},
  volume    = {4},
  number    = {1},
  month     = {jun},
  doi       = {10.1038/ncomms2990},
  publisher = {Springer Nature},
}

@Article{Anisimov1991,
  author    = {Vladimir I. Anisimov and Jan Zaanen and Ole K. Andersen},
  title     = {Band theory and Mott insulators: {HubbardUinstead} of {StonerI}},
  journal   = {Physical Review B},
  year      = {1991},
  volume    = {44},
  number    = {3},
  pages     = {943--954},
  month     = {jul},
  doi       = {10.1103/physrevb.44.943},
  publisher = {American Physical Society ({APS})},
}

@Article{Yaakob2015,
  author    = {Yaakob, M. K. and Taib, M. F. M. and Lu, L. and Hassan, O. H. and Yahya, M. Z. A.},
  title     = {Self-interaction corrected {LDA} $\mathplus$ U investigations of {BiFeO}3properties: plane-wave pseudopotential method},
  journal   = {Materials Research Express},
  year      = {2015},
  volume    = {2},
  number    = {11},
  pages     = {116101},
  month     = {nov},
  doi       = {10.1088/2053-1591/2/11/116101},
  publisher = {{IOP} Publishing},
}

@Article{Yaakob2013,
  author    = {Yaakob, M. K. and Taib, M. F. M. and Deni, M. S. M. and Chandra, Amreesh and Lu, L. and Yahya, M. Z. A.},
  title     = {First principle study on structural, elastic and electronic properties of cubic {BiFeO}3},
  journal   = {Ceramics International},
  year      = {2013},
  volume    = {39},
  pages     = {S283--S286},
  month     = {may},
  doi       = {10.1016/j.ceramint.2012.10.078},
  publisher = {Elsevier {BV}},
}

@Article{Yaakob2014,
  author    = {M. K. Yaakob and M. F. M. Taib and M. S. M. Deni and M. Z. A. Yahya},
  title     = {Ab Initio Studies on the Structural and Electronic Properties of Bismuth Ferrite Based on Ferroelectric Hexagonal Phase and Paraelectric Orthorhombic Phase},
  journal   = {Integrated Ferroelectrics},
  year      = {2014},
  volume    = {155},
  number    = {1},
  pages     = {134--142},
  month     = {may},
  doi       = {10.1080/10584587.2014.905306},
  publisher = {Informa {UK} Limited},
}

@Article{Higuchi2008,
  author    = {Tohru Higuchi and Yi-Sheng Liu and Peng Yao and Per-Anders Glans and Jinghua Guo and Chinglin Chang and Ziyu Wu and Wataru Sakamoto and Naoyuki Itoh and Tetsuo Shimura and Toshinobu Yogo and Takeshi Hattori},
  title     = {Electronic structure of {multiferroicBiFeO}3by resonant soft x-ray emission spectroscopy},
  journal   = {Physical Review B},
  year      = {2008},
  volume    = {78},
  number    = {8},
  month     = {aug},
  doi       = {10.1103/physrevb.78.085106},
  publisher = {American Physical Society ({APS})},
}

@Article{Eerenstein2006,
  author    = {W. Eerenstein and N. D. Mathur and J. F. Scott},
  title     = {Multiferroic and magnetoelectric materials},
  journal   = {Nature},
  year      = {2006},
  volume    = {442},
  number    = {7104},
  pages     = {759--765},
  month     = {aug},
  doi       = {10.1038/nature05023},
  publisher = {Springer Nature},
}

@Article{Spaldin2005,
  author    = {N. A. Spaldin},
  title     = {{MATERIALS} {SCIENCE}: The Renaissance of Magnetoelectric Multiferroics},
  journal   = {Science},
  year      = {2005},
  volume    = {309},
  number    = {5733},
  pages     = {391--392},
  month     = {jul},
  doi       = {10.1126/science.1113357},
  publisher = {American Association for the Advancement of Science ({AAAS})},
}

@Article{Koumpouras2011,
  author    = {Konstantinos Koumpouras and Iosif Galanakis},
  title     = {Ab-initio study of competing magnetic configurations in cubic {BiFeO}3 alloys},
  journal   = {Journal of Magnetism and Magnetic Materials},
  year      = {2011},
  volume    = {323},
  number    = {17},
  pages     = {2328--2333},
  month     = {sep},
  doi       = {10.1016/j.jmmm.2011.04.016},
  publisher = {Elsevier {BV}},
}

@Article{Bibes2011,
  author    = {Manuel Bibes and Javier E. Villegas and Agn{\`{e}}s Barth{\'{e}}l{\'{e}}my},
  title     = {Ultrathin oxide films and interfaces for electronics and spintronics},
  journal   = {Advances in Physics},
  year      = {2011},
  volume    = {60},
  number    = {1},
  pages     = {5--84},
  month     = {feb},
  doi       = {10.1080/00018732.2010.534865},
  publisher = {Informa {UK} Limited},
}

@Article{Dieguez2011,
  author    = {Oswaldo Di{\'{e}}guez and O. E. Gonz{\'{a}}lez-V{\'{a}}zquez and Jacek C. Wojde{\l} and Jorge {\'{I}}{\~{n}}iguez},
  title     = {First-principles predictions of low-energy phases of multiferroic {BiFeO}3},
  journal   = {Physical Review B},
  year      = {2011},
  volume    = {83},
  number    = {9},
  month     = {mar},
  doi       = {10.1103/physrevb.83.094105},
  publisher = {American Physical Society ({APS})},
}

@Article{Lu2010,
  author    = {J. Lu and A. GÃ¼nther and F. Schrettle and F. Mayr and S. Krohns and P. Lunkenheimer and A. Pimenov and V. D. Travkin and A. A. Mukhin and A. Loidl},
  title     = {On the room temperature multiferroic {BiFeO}3: magnetic, dielectric and thermal properties},
  journal   = {The European Physical Journal B},
  year      = {2010},
  volume    = {75},
  number    = {4},
  pages     = {451--460},
  month     = {jun},
  doi       = {10.1140/epjb/e2010-00170-x},
  publisher = {Springer Nature},
}

@Article{Martin2008,
  author    = {Martin, L. W. and Crane, S. P. and Chu, Y.-H. and Holcomb, M. B. and Gajek, M. and Huijben, M. and Yang, C.-H. and Balke, N. and Ramesh, R.},
  title     = {Multiferroics and magnetoelectrics: thin films and nanostructures},
  journal   = {Journal of Physics: Condensed Matter},
  year      = {2008},
  volume    = {20},
  number    = {43},
  pages     = {434220},
  month     = {oct},
  doi       = {10.1088/0953-8984/20/43/434220},
  publisher = {{IOP} Publishing},
}

@Article{Iniguez2008,
  author    = {{\'{I}}{\~{n}}iguez, Jorge},
  title     = {First-Principles Approach to Lattice-Mediated Magnetoelectric Effects},
  journal   = {Physical Review Letters},
  year      = {2008},
  volume    = {101},
  number    = {11},
  month     = {sep},
  doi       = {10.1103/physrevlett.101.117201},
  publisher = {American Physical Society ({APS})},
}

@Article{Ramesha2007,
  author    = {Ramesha, K. and Llobet, A. and Proffen, Th and Serrao, C. R. and Rao, C. N. R.},
  title     = {Observation of local non-centrosymmetry in weakly biferroic {YCrO}3},
  journal   = {Journal of Physics: Condensed Matter},
  year      = {2007},
  volume    = {19},
  number    = {10},
  pages     = {102202},
  month     = {feb},
  doi       = {10.1088/0953-8984/19/10/102202},
  publisher = {{IOP} Publishing},
}

@Article{Gujar2007,
  author    = {Gujar, T. P. and Shinde, V. R. and Lokhande, C. D.},
  title     = {Nanocrystalline and highly resistive bismuth ferric oxide thin films by a simple chemical method},
  journal   = {Materials Chemistry and Physics},
  year      = {2007},
  volume    = {103},
  number    = {1},
  pages     = {142--146},
  month     = {may},
  doi       = {10.1016/j.matchemphys.2007.02.003},
  publisher = {Elsevier {BV}},
}

@Article{Sahu2007,
  author    = {Jyoti Ranjan Sahu and Claudy Rayan Serrao and Nirat Ray and Umesh V. Waghmare and C. N. R. Rao},
  title     = {Rare earth chromites: a new family of multiferroics},
  journal   = {J. Mater. Chem.},
  year      = {2007},
  volume    = {17},
  number    = {1},
  pages     = {42--44},
  doi       = {10.1039/b612093h},
  publisher = {Royal Society of Chemistry ({RSC})},
}

@Article{Ravindran2006,
  author    = {P. Ravindran and R. Vidya and A. Kjekshus and H. Fjellv{\aa}g and O. Eriksson},
  title     = {Theoretical investigation of magnetoelectric behavior {inBiFeO}3},
  journal   = {Physical Review B},
  year      = {2006},
  volume    = {74},
  number    = {22},
  month     = {dec},
  doi       = {10.1103/physrevb.74.224412},
  publisher = {American Physical Society ({APS})},
}

@Article{Serrao2005,
  author    = {Claudy Rayan Serrao and Asish K. Kundu and S. B. Krupanidhi and Umesh V. Waghmare and C. N. R. Rao},
  title     = {{BiferroicYCrO}3},
  journal   = {Physical Review B},
  year      = {2005},
  volume    = {72},
  number    = {22},
  month     = {dec},
  doi       = {10.1103/physrevb.72.220101},
  publisher = {American Physical Society ({APS})},
}

@Article{Cococcioni2005,
  author    = {Matteo Cococcioni and Stefano de Gironcoli},
  title     = {Linear response approach to the calculation of the effective interaction parameters in {theLDA}$\mathplus$Umethod},
  journal   = {Physical Review B},
  year      = {2005},
  volume    = {71},
  number    = {3},
  month     = {jan},
  doi       = {10.1103/physrevb.71.035105},
  publisher = {American Physical Society ({APS})},
}

@Article{Ederer2005,
  author    = {Claude Ederer and Nicola A. Spaldin},
  title     = {Recent progress in first-principles studies of magnetoelectric multiferroics},
  journal   = {Current Opinion in Solid State and Materials Science},
  year      = {2005},
  volume    = {9},
  number    = {3},
  pages     = {128--139},
  month     = {jun},
  doi       = {10.1016/j.cossms.2006.03.001},
  publisher = {Elsevier {BV}},
}

@Article{Wang2003,
  author    = {J. Wang},
  title     = {Epitaxial {BiFeO}3 Multiferroic Thin Film Heterostructures},
  journal   = {Science},
  year      = {2003},
  volume    = {299},
  number    = {5613},
  pages     = {1719--1722},
  month     = {mar},
  doi       = {10.1126/science.1080615},
  publisher = {American Association for the Advancement of Science ({AAAS})},
}

@Article{Kimura2003,
  author    = {T. Kimura and T. Goto and H. Shintani and K. Ishizaka and T. Arima and Y. Tokura},
  title     = {Magnetic control of ferroelectric polarization},
  journal   = {Nature},
  year      = {2003},
  volume    = {426},
  number    = {6962},
  pages     = {55--58},
  month     = {nov},
  doi       = {10.1038/nature02018},
  publisher = {Springer Nature},
}

@Article{Sosnowska2002,
  author    = {I. Sosnowska and W. Schï¿½fer and W. Kockelmann and K.H. Andersen and I.O. Troyanchuk},
  title     = {Crystal structure and spiral magnetic ordering of {BiFeO} 3 doped with manganese},
  journal   = {Applied Physics A: Materials Science {\&} Processing},
  year      = {2002},
  volume    = {74},
  number    = {0},
  pages     = {s1040--s1042},
  month     = {dec},
  doi       = {10.1007/s003390201604},
  publisher = {Springer Nature},
}

@Article{Hill2000,
  author    = {Nicola A. Hill},
  title     = {Why Are There so Few Magnetic Ferroelectrics?},
  journal   = {The Journal of Physical Chemistry B},
  year      = {2000},
  volume    = {104},
  number    = {29},
  pages     = {6694--6709},
  month     = {jul},
  doi       = {10.1021/jp000114x},
  publisher = {American Chemical Society ({ACS})},
}

@Article{Dudarev1998,
  author    = {S. L. Dudarev and G. A. Botton and S. Y. Savrasov and C. J. Humphreys and A. P. Sutton},
  title     = {Electron-energy-loss spectra and the structural stability of nickel oxide:{\hspace{0.6em}}{\hspace{0.6em}}An {LSDA}$\mathplus$U study},
  journal   = {Physical Review B},
  year      = {1998},
  volume    = {57},
  number    = {3},
  pages     = {1505--1509},
  month     = {jan},
  doi       = {10.1103/physrevb.57.1505},
  publisher = {American Physical Society ({APS})},
}

@Article{Fischer1980,
  author    = {P Fischer and M Polomska and I Sosnowska and M Szymanski},
  title     = {Temperature dependence of the crystal and magnetic structures of {BiFeO}3},
  journal   = {Journal of Physics C: Solid State Physics},
  year      = {1980},
  volume    = {13},
  number    = {10},
  pages     = {1931--1940},
  month     = {apr},
  doi       = {10.1088/0022-3719/13/10/012},
  publisher = {{IOP} Publishing},
}

@Article{Teague1970,
  author    = {James R. Teague and Robert Gerson and W.J. James},
  title     = {Dielectric hysteresis in single crystal {BiFeO}3},
  journal   = {Solid State Communications},
  year      = {1970},
  volume    = {8},
  number    = {13},
  pages     = {1073--1074},
  month     = {jul},
  doi       = {10.1016/0038-1098(70)90262-0},
  publisher = {Elsevier {BV}},
}

@Article{Hohenberg1964,
  author    = {P. Hohenberg and W. Kohn},
  title     = {Inhomogeneous Electron Gas},
  journal   = {Physical Review},
  year      = {1964},
  volume    = {136},
  number    = {3B},
  pages     = {B864--B871},
  month     = {nov},
  doi       = {10.1103/physrev.136.b864},
  publisher = {American Physical Society ({APS})},
}

@Article{Remeika1956,
  author    = {J. P. Remeika},
  title     = {Growth of Single Crystal Rare Earth Orthoferrites and Related Compounds},
  journal   = {Journal of the American Chemical Society},
  year      = {1956},
  volume    = {78},
  number    = {17},
  pages     = {4259--4260},
  month     = {sep},
  doi       = {10.1021/ja01598a020},
  publisher = {American Chemical Society ({ACS})},
}

@Article{Geller1956,
  author    = {S. Geller and E. A. Wood},
  title     = {Crystallographic studies of perovskite-like compounds. I. Rare earth orthoferrites and {YFeO}3, {YCrO}3, {YAlO}3},
  journal   = {Acta Crystallographica},
  year      = {1956},
  volume    = {9},
  number    = {7},
  pages     = {563--568},
  month     = {jul},
  doi       = {10.1107/s0365110x56001571},
  publisher = {International Union of Crystallography ({IUCr})},
}

@Article{Naz2018,
  author    = {Ishrat Naz and Fayyaz Ahmad and Jaekyung Jang and Joo Yull Rhee},
  title     = {Ab-initio investigation of electronic structures of $\upalpha$-{BiFeO}3 with different exchange-correlation functionals},
  journal   = {{AIP} Advances},
  year      = {2018},
  volume    = {8},
  number    = {12},
  pages     = {125216},
  month     = {dec},
  doi       = {10.1063/1.5064645},
  publisher = {{AIP} Publishing},
}

@Article{Lee2012,
  author    = {Jung-Hoon Lee and Min-Ae Oak and Hyoung Joon Choi and Jong Yeog Son and Hyun Myung Jang},
  title     = {Rhombohedral{\textendash}orthorhombic morphotropic phase boundary in {BiFeO}3-based multiferroics: first-principles prediction},
  journal   = {J. Mater. Chem.},
  year      = {2012},
  volume    = {22},
  number    = {4},
  pages     = {1667--1672},
  doi       = {10.1039/c1jm13582a},
  publisher = {Royal Society of Chemistry ({RSC})},
}

@Article{Kaczkowski2015,
  author    = {J. Kaczkowski and M. Pugaczowa-Michalska and A. Jezierski},
  title     = {Electronic Structure of {BiFeO}3in Different Crystal Phases},
  journal   = {Acta Physica Polonica A},
  year      = {2015},
  volume    = {127},
  number    = {2},
  pages     = {266--268},
  month     = {feb},
  doi       = {10.12693/aphyspola.127.266},
  publisher = {Institute of Physics, Polish Academy of Sciences},
}

@Article{Ju2009,
  author    = {Sheng Ju and Tian-Yi Cai and Guang-Yu Guo},
  title     = {Electronic structure, linear, and nonlinear optical responses in magnetoelectric multiferroic material {BiFeO}3},
  journal   = {The Journal of Chemical Physics},
  year      = {2009},
  volume    = {130},
  number    = {21},
  pages     = {214708},
  month     = {jun},
  doi       = {10.1063/1.3146796},
  publisher = {{AIP} Publishing},
}

@Article{Xu2014,
  author    = {Qiang Xu and Mushtaq Sobhan and Qian Yang and Franklin Anariba and Khuong Phuong Ong and Ping Wu},
  title     = {The role of Bi vacancies in the electrical conduction of {BiFeO}3: a first-principles approach},
  journal   = {Dalton Trans.},
  year      = {2014},
  volume    = {43},
  number    = {28},
  pages     = {10787--10793},
  doi       = {10.1039/c4dt00468j},
  publisher = {Royal Society of Chemistry ({RSC})},
}

@Article{He2015,
  author    = {Chao He and Zu-Ju Ma and Bao-Zhen Sun and Rong-Jian Sa and Kechen Wu},
  title     = {The electronic, optical and ferroelectric properties of {BiFeO} 3 during polarization reversal: A first principle study},
  journal   = {Journal of Alloys and Compounds},
  year      = {2015},
  volume    = {623},
  pages     = {393--400},
  month     = {feb},
  doi       = {10.1016/j.jallcom.2014.11.062},
  publisher = {Elsevier {BV}},
}

@Article{Ray2008,
  author    = {Nirat Ray and Umesh V. Waghmare},
  title     = {Coupling between magnetic ordering and structural instabilities in perovskite biferroics: A first-principles study},
  journal   = {Physical Review B},
  year      = {2008},
  volume    = {77},
  number    = {13},
  month     = {apr},
  doi       = {10.1103/physrevb.77.134112},
  publisher = {American Physical Society ({APS})},
}

@Article{Li2013,
  author    = {Qiang Li and Duo-Hui Huang and Qi-Long Cao and Fan-Hou Wang},
  title     = {Phase transition and thermodynamic properties of {BiFeO}3from first-principles calculations},
  journal   = {Chinese Physics B},
  year      = {2013},
  volume    = {22},
  number    = {3},
  pages     = {037101},
  month     = {mar},
  doi       = {10.1088/1674-1056/22/3/037101},
  publisher = {{IOP} Publishing},
}

@InProceedings{Mall2014,
  author    = {A. K. Mall and S. Mukherjee and Y. Sharma and A. Garg and R. Gupta},
  title     = {Temperature dependent Raman scattering in {YCrO}3},
  year      = {2014},
  pages     = {1753-1754},
  publisher = {{AIP} Publishing {LLC}},
  doi       = {10.1063/1.4873101},
}

@Article{Sharma2014,
  author    = {Yogesh Sharma and Pankaj Misra and Ram S. Katiyar},
  title     = {Unipolar resistive switching behavior of amorphous {YCrO}3 films for nonvolatile memory applications},
  journal   = {Journal of Applied Physics},
  year      = {2014},
  volume    = {116},
  number    = {8},
  pages     = {084505},
  month     = {aug},
  doi       = {10.1063/1.4893661},
  publisher = {{AIP} Publishing},
}

@Article{BROYDEN1970,
  author    = {C. G. BROYDEN},
  title     = {The Convergence of a Class of Double-rank Minimization Algorithms 1. General Considerations},
  journal   = {{IMA} Journal of Applied Mathematics},
  year      = {1970},
  volume    = {6},
  number    = {1},
  pages     = {76--90},
  doi       = {10.1093/imamat/6.1.76},
  publisher = {Oxford University Press ({OUP})},
}

@Article{Fletcher1970,
  author    = {R. Fletcher},
  title     = {A new approach to variable metric algorithms},
  journal   = {The Computer Journal},
  year      = {1970},
  volume    = {13},
  number    = {3},
  pages     = {317--322},
  month     = {mar},
  doi       = {10.1093/comjnl/13.3.317},
  publisher = {Oxford University Press ({OUP})},
}

@Article{Goldfarb1970,
  author    = {Donald Goldfarb},
  title     = {A family of variable-metric methods derived by variational means},
  journal   = {Mathematics of Computation},
  year      = {1970},
  volume    = {24},
  number    = {109},
  pages     = {23--23},
  month     = {jan},
  doi       = {10.1090/s0025-5718-1970-0258249-6},
  publisher = {American Mathematical Society ({AMS})},
}

@Article{Shanno1970,
  author    = {D. F. Shanno},
  title     = {Conditioning of quasi-Newton methods for function minimization},
  journal   = {Mathematics of Computation},
  year      = {1970},
  volume    = {24},
  number    = {111},
  pages     = {647--647},
  month     = {sep},
  doi       = {10.1090/s0025-5718-1970-0274029-x},
  publisher = {American Mathematical Society ({AMS})},
}

@Article{Pfrommer1997,
  author    = {Bernd G. Pfrommer and Michel C{\^{o}}t{\'{e}} and Steven G. Louie and Marvin L. Cohen},
  title     = {Relaxation of Crystals with the Quasi-Newton Method},
  journal   = {Journal of Computational Physics},
  year      = {1997},
  volume    = {131},
  number    = {1},
  pages     = {233--240},
  month     = {feb},
  doi       = {10.1006/jcph.1996.5612},
  publisher = {Elsevier {BV}},
}

@Article{Wang2009,
  author    = {Hai Wang and Yue Zheng and Meng-Qiu Cai and Haitao Huang and Helen L.W. Chan},
  title     = {First-principles study on the electronic and optical properties of {BiFeO}3},
  journal   = {Solid State Communications},
  year      = {2009},
  volume    = {149},
  number    = {15-16},
  pages     = {641--644},
  month     = {apr},
  doi       = {10.1016/j.ssc.2009.01.023},
  publisher = {Elsevier {BV}},
}

@Article{Sosnowska1982,
  author    = {Sosnowska, I. and Neumaier, T. P. and Steichele, E.},
  title     = {Spiral magnetic ordering in bismuth ferrite},
  journal   = {Journal of Physics C: Solid State Physics},
  year      = {1982},
  volume    = {15},
  number    = {23},
  pages     = {4835--4846},
  month     = {aug},
  doi       = {10.1088/0022-3719/15/23/020},
  publisher = {{IOP} Publishing},
}

@Article{Palewicz2007,
  author    = {A. Palewicz and R. Przenios{\l}o and I. Sosnowska and A. W. Hewat},
  title     = {Atomic displacements in {BiFeO}3as a function of temperature: neutron diffraction study},
  journal   = {Acta Crystallographica Section B Structural Science},
  year      = {2007},
  volume    = {63},
  number    = {4},
  pages     = {537--544},
  month     = {jul},
  doi       = {10.1107/s0108768107023956},
  publisher = {International Union of Crystallography ({IUCr})},
}

@Article{Fujii2013,
  author    = {Kotaro Fujii and Hiroki Kato and Kazuki Omoto and Masatomo Yashima and Jun Chen and Xianran Xing},
  title     = {{Experimental visualization of the Bi{\textendash}O covalency in ferroelectric bismuth ferrite ({BiFeO}3) by synchrotron X-ray powder diffraction analysis}},
  journal   = {Physical Chemistry Chemical Physics},
  year      = {2013},
  volume    = {15},
  number    = {18},
  pages     = {6779},
  doi       = {10.1039/c3cp50236h},
  publisher = {Royal Society of Chemistry ({RSC})},
}

@Article{Neaton2005,
  author    = {J. B. Neaton and C. Ederer and U. V. Waghmare and N. A. Spaldin and K. M. Rabe},
  title     = {First-principles study of spontaneous polarization in {multiferroicBiFeO}3},
  journal   = {Physical Review B},
  year      = {2005},
  volume    = {71},
  number    = {1},
  month     = {jan},
  doi       = {10.1103/physrevb.71.014113},
  publisher = {American Physical Society ({APS})},
}

@Article{Tiwari2013,
  author    = {Tiwari, Brajesh and Surendra, M. Krishna and Rao, M. S. Ramachandra},
  title     = {{HoCrO}3 and {YCrO}3: a comparative study},
  journal   = {Journal of Physics: Condensed Matter},
  year      = {2013},
  volume    = {25},
  number    = {21},
  pages     = {216004},
  month     = {may},
  doi       = {10.1088/0953-8984/25/21/216004},
  publisher = {{IOP} Publishing},
}

@Article{Todorov2011,
  author    = {N. D. Todorov and M. V. Abrashev and V. G. Ivanov and G. G. Tsutsumanova and V. Marinova and Y.-Q. Wang and M. N. Iliev},
  title     = {Comparative Raman study of isostructural {YCrO}3and {YMnO}3: Effects of structural distortions and twinning},
  journal   = {Physical Review B},
  year      = {2011},
  volume    = {83},
  number    = {22},
  month     = {jun},
  doi       = {10.1103/physrevb.83.224303},
  publisher = {American Physical Society ({APS})},
}

@Article{Kuang2018,
  author    = {Daihong Kuang and Fangyuan Yang and Weiwen Jing and Zhanjin Yang},
  title     = {Multiferroic properties of a {YCrO}3/{BiFeO}3 bilayered thin film prepared by a sol-gel method},
  journal   = {Physica B: Condensed Matter},
  year      = {2018},
  volume    = {530},
  pages     = {295--299},
  month     = {feb},
  comment   = {solo se tiene la version de manuscrito aceptado descargada.},
  doi       = {10.1016/j.physb.2017.11.075},
  publisher = {Elsevier {BV}},
}

@Comment{jabref-meta: databaseType:bibtex;}
