% Encoding: UTF-8
@article{martin2008,
	author = {L. W. Martin and et al.},
	journal = {Condens. Matter},
	volume = {20},
	year = {2008}
}

@article{catalan2009,
	author = {G. Catalan and et al.},
	journal = {Adv. Matter},
	volume = {21},
	year = {2009}
}

@article{rojac2014,
	author = {T. Rojac and et al.},
	journal = {J. Am. Ceram Soc.},
	volume = {97},
	year = {2014}
}

@article{wang2003,
	author = {J. Wang and et al.},
	journal = {Science},
	volume = {299},
	year = {2003}
}

@article{teague1970,
	author = {J. R. Teague and et al.},
	journal = {Solid State Commun.},
	volume = {8},
	year = {1970}
}

@article{koumpouras2011,
	author = {Konstantinos Koumpouras and et al.},
	journal = {Journal of Magnetism and Magnetic Materials},
	volume = {323},
	year = {2011}
}

@article{ravindram2006,
	author = {P. Ravindram and et al.},
	journal = {Physical Review B},
	volume = {74},
	year = {2006}
}

@article{spaldin2005,
	author = {N. A. spaldin and et al.},
	journal = {Science},
	volume = {39},
	year = {2005}
}

@article{esrenstein2006,
	author = {W. Esrenstein and et al.},
	journal = {Nature},
	volume = {442},
	year = {2006}
}

@article{nazzen1988,
	author = {Robert M. Nazzen},
	journal = {Investigacion y ciencias},
	volume = {143},
	year = {1988}
}

@article{kimura2003,
	author = {T. Kimura and et al.},
	journal = {Nature},
	volume = {426},
	year = {2003}
}

@book{smith1993,
	author = {W. F. Smith},
	edition = {2},
	title = {Fundamento de la ciencia e ingenieria de materiales},
	year = {1993}
}

@article{nicola2000,
	author = {A. Nicola},
	journal = {The journal of physical chemistry B},
	volume = {104},
	year = {2000}
}

@article{kohn1964,
	author = {P. Hohenberg and W. Kohn},
	journal = {Phys. Rev.},
	volume = {136},
	year = {1964}
}

@article{inigues2008,
	author = {J. Inigues and et al.},
	journal = {Phys. Rev. Lett.},
	volume = {101},
	year = {2008}
}

@article{inigues2001,
	author = {J. Inigues and et al.},
	journal = {Phys. Rev. Lett.},
	volume = {87},
	year = {2001}
}

@article{remeika1956,
	author = {J. P. Remeika},
	journal = {J. Amer. Chem. Soc.},
	year = {1956}
}

@article{geller1956,
	author = {S. Geller and E. A. Wood},
	journal = {Acta Cryst.},
	volume = {9},
	year = {1956}
}

@article{ramesha2007,
	author = {K. Ramesha and et al.},
	journal = {Condens. Matter},
	volume = {19},
	year = {2007}
}

@article{nair2013,
	author = {V. G. Nair and et al.},
	journal = {AIP Conf. Proc.},
	volume = {1512},
	year = {2013}
}

@article{serrao2005,
	author = {C. R. Serrao and et al.},
	journal = {Physical Review B},
	volume = {72},
	year = {2005}
}

@article{tomar2018,
	author = {R. Tomar and et al.},
	journal = {Aip. Adv.},
	volume = {8},
	year = {2018}
}

@article{lu2010,
	author = {J. Lu and et al.},
	journal = {Eur. Phys. J. B},
	volume = {60},
	year = {2010}
}

@article{lee2012,
	author = {J. Lee and et al.},
	journal = {J. Matter Chem.},
	volume = {22},
	year = {2012}
}

@article{arnold2015,
	author = {D. C. Arnold and et al.},
	journal = {Ferro. and Frec. Cont.},
	volume = {62},
	year = {2015}
}

@article{fischer1980,
	author = {P. Fischer and et al.},
	journal = {J. Phys. C: Solid State Phys.},
	volume = {13},
	year = {1980}
}

@article{sosnowska2002,
	author = {I. Sosnowska and et al.},
	journal = {Appl. Phys. A},
	volume = {74},
	year = {2002}
}

@article{ju2009,
	author = {S. Ju and et al.},
	journal = {Chem. Phys.},
	volume = {130},
	year = {2009}
}

@article{gujar2007,
	author = {T. P. Gujar and et al.},
	journal = {Mater. Chem. Phys.},
	volume = {6},
	year = {2007}
}

@Article{glazer1975,
  author    = {A. M. Glazer},
  journal   = {Acta Crystallographica Section A},
  year      = {1975},
  volume    = {31},
  number    = {6},
  pages     = {756--762},
  month     = {nov},
  doi       = {10.1107/s0567739475001635},
  publisher = {International Union of Crystallography ({IUCr})},
}

@Article{cococcioni2005,
  author    = {Matteo Cococcioni and Stefano de Gironcoli},
  journal   = {Physical Review B},
  year      = {2005},
  volume    = {71},
  number    = {3},
  month     = {jan},
  doi       = {10.1103/physrevb.71.035105},
  publisher = {American Physical Society ({APS})},
}

@Comment{jabref-meta: databaseType:bibtex;}
